@ARTICLE{bovy2015,
   author = {{Bovy}, J. and {Rix}, H.-W. and {Schlafly}, E.~F. and {Nidever}, D.~L. and 
	{Holtzman}, J.~A. and {Shetrone}, M. and {Beers}, T.~C.},
    title = "{The stellar population structure of the Galactic disk}",
  journal = {ApJ, submitted},
archivePrefix = "arXiv",
   eprint = {1509.05796},
 keywords = {Astrophysics - Astrophysics of Galaxies},
     year = 2015,
    month = sep,
   adsurl = {http://adsabs.harvard.edu/abs/2015arXiv150905796B},
  adsnote = {Provided by the SAO/NASA Astrophysics Data System}
}

@ARTICLE{meszaros2015,
   author = {{M{\'e}sz{\'a}ros}, S. and {Martell}, S.~L. and {Shetrone}, M. and 
	{Lucatello}, S. and {Troup}, N.~W. and {Bovy}, J. and {Cunha}, K. and 
	{Garc{\'{\i}}a-Hern{\'a}ndez}, D.~A. and {Overbeek}, J.~C. and 
	{Allende Prieto}, C. and {Beers}, T.~C. and {Frinchaboy}, P.~M. and 
	{Garc{\'{\i}}a P{\'e}rez}, A.~E. and {Hearty}, F.~R. and {Holtzman}, J. and 
	{Majewski}, S.~R. and {Nidever}, D.~L. and {Schiavon}, R.~P. and 
	{Schneider}, D.~P. and {Sobeck}, J.~S. and {Smith}, V.~V. and 
	{Zamora}, O. and {Zasowski}, G.},
    title = "{Exploring Anticorrelations and Light Element Variations in Northern Globular Clusters Observed by the APOGEE Survey}",
  journal = {\aj},
archivePrefix = "arXiv",
   eprint = {1501.05127},
 primaryClass = "astro-ph.SR",
 keywords = {stars: abundances, stars: AGB and post-AGB, stars: chemically peculiar, stars: evolution},
     year = 2015,
    month = may,
   volume = 149,
      eid = {153},
    pages = {153},
      doi = {10.1088/0004-6256/149/5/153},
   adsurl = {http://adsabs.harvard.edu/abs/2015AJ....149..153M},
  adsnote = {Provided by the SAO/NASA Astrophysics Data System}
}

@ARTICLE{ness2015,
   author = {{Ness}, M. and {Hogg}, D.~W. and {Rix}, H.-W. and {Ho}, A.~Y.~Q. and 
	{Zasowski}, G.},
    title = "{The Cannon: A Data-driven Approach to Stellar Label Determination}",
  journal = {\apj},
archivePrefix = "arXiv",
   eprint = {1501.07604},
 primaryClass = "astro-ph.SR",
 keywords = {methods: data analysis, methods: statistical, stars: abundances, stars: fundamental parameters, surveys, techniques: spectroscopic},
     year = 2015,
    month = jul,
   volume = 808,
      eid = {16},
    pages = {16},
      doi = {10.1088/0004-637X/808/1/16},
   adsurl = {http://adsabs.harvard.edu/abs/2015ApJ...808...16N},
  adsnote = {Provided by the SAO/NASA Astrophysics Data System}
}

@ARTICLE{APOGEE,
   author = {{Majewski}, S.~R. and {Schiavon}, R.~P. and {Frinchaboy}, P.~M. and 
  {Allende Prieto}, C. and {Barkhouser}, R. and {Bizyaev}, D. and 
  {Blank}, B. and {Brunner}, S. and {Burton}, A. and {Carrera}, R. and 
  {Chojnowski}, S.~D. and {Cunha}, K. and {Epstein}, C. and {Fitzgerald}, G. and 
  {Garcia Perez}, A.~E. and {Hearty}, F.~R. and {Henderson}, C. and 
  {Holtzman}, J.~A. and {Johnson}, J.~A. and {Lam}, C.~R. and 
  {Lawler}, J.~E. and {Maseman}, P. and {Meszaros}, S. and {Nelson}, M. and 
  {Coung Nguyen}, D. and {Nidever}, D.~L. and {Pinsonneault}, M. and 
  {Shetrone}, M. and {Smee}, S. and {Smith}, V.~V. and {Stolberg}, T. and 
  {Skrutskie}, M.~F. and {Walker}, E. and {Wilson}, J.~C. and 
  {Zasowski}, G. and {Anders}, F. and {Basu}, S. and {Beland}, S. and 
  {Blanton}, M.~R. and {Bovy}, J. and {Brownstein}, J.~R. and 
  {Carlberg}, J. and {Chaplin}, W. and {Chiappini}, C. and {Eisenstein}, D.~J. and 
  {Elsworth}, Y. and {Feuillet}, D. and {Fleming}, S.~W. and {Galbraith-Frew}, J. and 
  {Garcia}, R.~A. and {Anibal Garcia-Hernandez}, D. and {Gillespie}, B.~A. and 
  {Girardi}, L. and {Gunn}, J.~E. and {Hasselquist}, S. and {Hayden}, M.~R. and 
  {Hekker}, S. and {Ivans}, I. and {Kinemuchi}, K. and {Klaene}, M. and 
  {Mahadevan}, S. and {Mathur}, S. and {Mosser}, B. and {Muna}, D. and 
  {Munn}, J.~A. and {Nichol}, R.~C. and {O'Connell}, R.~W. and 
  {Robin}, A.~C. and {Rocha-Pinto}, H. and {Schultheis}, M. and 
  {Serenelli}, A.~M. and {Shane}, N. and {Silva Aguirre}, V. and 
  {Sobeck}, J.~S. and {Thompson}, B. and {Troup}, N.~W. and {Weinberg}, D.~H. and 
  {Zamora}, O.},
    title = "{The Apache Point Observatory Galactic Evolution Experiment (APOGEE)}",
  journal = {AJ, submitted},
archivePrefix = "arXiv",
   eprint = {1509.05420},
 primaryClass = "astro-ph.IM",
 keywords = {Astrophysics - Instrumentation and Methods for Astrophysics, Astrophysics - Astrophysics of Galaxies},
     year = 2015,
    month = sep,
   adsurl = {http://adsabs.harvard.edu/abs/2015arXiv150905420M},
  adsnote = {Provided by the SAO/NASA Astrophysics Data System}
}

@ARTICLE{holtzman2015,
   author = {{Holtzman}, J.~A. and {Shetrone}, M. and {Johnson}, J.~A. and 
  {Allende Prieto}, C. and {Anders}, F. and {Andrews}, B. and 
  {Beers}, T.~C. and {Bizyaev}, D. and {Blanton}, M.~R. and {Bovy}, J. and 
  {Carrera}, R. and {Chojnowski}, S.~D. and {Cunha}, K. and {Eisenstein}, D.~J. and 
  {Feuillet}, D. and {Frinchaboy}, P.~M. and {Galbraith-Frew}, J. and 
  {Garc{\'{\i}}a P{\'e}rez}, A.~E. and {Garc{\'{\i}}a-Hern{\'a}ndez}, D.~A. and 
  {Hasselquist}, S. and {Hayden}, M.~R. and {Hearty}, F.~R. and 
  {Ivans}, I. and {Majewski}, S.~R. and {Martell}, S. and {Meszaros}, S. and 
  {Muna}, D. and {Nidever}, D. and {Nguyen}, D.~C. and {O{rsquo}Connell}, R.~W. and 
  {Pan}, K. and {Pinsonneault}, M. and {Robin}, A.~C. and {Schiavon}, R.~P. and 
  {Shane}, N. and {Sobeck}, J. and {Smith}, V.~V. and {Troup}, N. and 
  {Weinberg}, D.~H. and {Wilson}, J.~C. and {Wood-Vasey}, W.~M. and 
  {Zamora}, O. and {Zasowski}, G.},
    title = "{Abundances, Stellar Parameters, and Spectra from the SDSS-III/APOGEE Survey}",
  journal = {\aj},
archivePrefix = "arXiv",
   eprint = {1501.04110},
 keywords = {astronomical databases: miscellaneous, Galaxy: abundances, stars: abundances, surveys},
     year = 2015,
    month = nov,
   volume = 150,
      eid = {148},
    pages = {148},
      doi = {10.1088/0004-6256/150/5/148},
   adsurl = {http://adsabs.harvard.edu/abs/2015AJ....150..148H},
  adsnote = {Provided by the SAO/NASA Astrophysics Data System}
}

@ARTICLE{bovy2014,
   author = {{Bovy}, J. and {Nidever}, D.~L. and {Rix}, H.-W. and {Girardi}, L. and 
  {Zasowski}, G. and {Chojnowski}, S.~D. and {Holtzman}, J. and 
  {Epstein}, C. and {Frinchaboy}, P.~M. and {Hayden}, M.~R. and 
  {Rodrigues}, T.~S. and {Majewski}, S.~R. and {Johnson}, J.~A. and 
  {Pinsonneault}, M.~H. and {Stello}, D. and {Allende Prieto}, C. and 
  {Andrews}, B. and {Basu}, S. and {Beers}, T.~C. and {Bizyaev}, D. and 
  {Burton}, A. and {Chaplin}, W.~J. and {Cunha}, K. and {Elsworth}, Y. and 
  {Garc{\'{\i}}a}, R.~A. and {Garc{\'{\i}}a-Her{\'n}andez}, D.~A. and 
  {Garc{\'{\i}}a P{\'e}rez}, A.~E. and {Hearty}, F.~R. and {Hekker}, S. and 
  {Kallinger}, T. and {Kinemuchi}, K. and {Koesterke}, L. and 
  {M{\'e}sz{\'a}ros}, S. and {Mosser}, B. and {O'Connell}, R.~W. and 
  {Oravetz}, D. and {Pan}, K. and {Robin}, A.~C. and {Schiavon}, R.~P. and 
  {Schneider}, D.~P. and {Schultheis}, M. and {Serenelli}, A. and 
  {Shetrone}, M. and {Silva Aguirre}, V. and {Simmons}, A. and 
  {Skrutskie}, M. and {Smith}, V.~V. and {Stassun}, K. and {Weinberg}, D.~H. and 
  {Wilson}, J.~C. and {Zamora}, O.},
    title = "{The APOGEE Red-clump Catalog: Precise Distances, Velocities, and High-resolution Elemental Abundances over a Large Area of the Milky Way's Disk}",
  journal = {\apj},
archivePrefix = "arXiv",
   eprint = {1405.1032},
 keywords = {Galaxy: abundances, Galaxy: disk, Galaxy: stellar content, Galaxy: structure, stars: distances, stars: general},
     year = 2014,
    month = aug,
   volume = 790,
      eid = {127},
    pages = {127},
      doi = {10.1088/0004-637X/790/2/127},
   adsurl = {http://adsabs.harvard.edu/abs/2014ApJ...790..127B},
  adsnote = {Provided by the SAO/NASA Astrophysics Data System}
}


@ARTICLE{GAIA,
   author = {{Jordan}, S.},
    title = "{The Gaia project: Technique, performance and status}",
  journal = {Astronomische Nachrichten},
archivePrefix = "arXiv",
   eprint = {0811.2345},
 keywords = {astrometry, space vehicles: instruments},
     year = 2008,
    month = dec,
   volume = 329,
    pages = {875},
      doi = {10.1002/asna.200811065},
   adsurl = {http://adsabs.harvard.edu/abs/2008AN....329..875J},
  adsnote = {Provided by the SAO/NASA Astrophysics Data System}
}

@ARTICLE{openclusters,
   author = {{Bovy}, J.},
    title = "{The chemical homogeneity of open clusters}",
  journal = {ApJ submitted},
archivePrefix = "arXiv",
   eprint = {1510.06745},
 keywords = {Astrophysics - Astrophysics of Galaxies, Astrophysics - Solar and Stellar Astrophysics},
     year = 2015,
    month = oct,
   adsurl = {http://adsabs.harvard.edu/abs/2015arXiv151006745B},
  adsnote = {Provided by the SAO/NASA Astrophysics Data System}
}

@ARTICLE{bovy2012,
   author = {{Bovy}, J. and {Rix}, H.-W. and {Liu}, C. and {Hogg}, D.~W. and 
  {Beers}, T.~C. and {Lee}, Y.~S.},
    title = "{The Spatial Structure of Mono-abundance Sub-populations of the Milky Way Disk}",
  journal = {\apj},
archivePrefix = "arXiv",
   eprint = {1111.1724},
 primaryClass = "astro-ph.GA",
 keywords = {Galaxy: abundances, Galaxy: disk, Galaxy: evolution, Galaxy: formation, Galaxy: fundamental parameters, Galaxy: structure},
     year = 2012,
    month = jul,
   volume = 753,
      eid = {148},
    pages = {148},
      doi = {10.1088/0004-637X/753/2/148},
   adsurl = {http://adsabs.harvard.edu/abs/2012ApJ...753..148B},
  adsnote = {Provided by the SAO/NASA Astrophysics Data System}
}


@ARTICLE{EMPCA,
   author = {{Bailey}, S.},
    title = "{Principal Component Analysis with Noisy and/or Missing Data}",
  journal = {\pasp},
archivePrefix = "arXiv",
   eprint = {1208.4122},
 primaryClass = "astro-ph.IM",
 keywords = {Data Analysis and Techniques},
     year = 2012,
    month = sep,
   volume = 124,
    pages = {1015-1023},
      doi = {10.1086/668105},
   adsurl = {http://adsabs.harvard.edu/abs/2012PASP..124.1015B},
  adsnote = {Provided by the SAO/NASA Astrophysics Data System}
}
